<mx:record xmlns="http://www.w3.org/TR/xhtml1/strict" xmlns:mx="http://www.loc.gov/MARC21/slim" xmlns:xsi="http://www.w3.org/2001/XMLSchema-instance"><mx:leader>00000cz   2200000n  4500</mx:leader><mx:controlfield tag="001">oca01517755 </mx:controlfield><mx:controlfield tag="005">20041001150537.0</mx:controlfield><mx:controlfield tag="008">860122n| acannaab           |a aaa     c</mx:controlfield><mx:datafield ind1=" " ind2=" " tag="010"><mx:subfield code="a">n  85216215</mx:subfield></mx:datafield><mx:datafield ind1=" " ind2=" " tag="040"><mx:subfield code="a">InU</mx:subfield><mx:subfield code="c">DLC</mx:subfield><mx:subfield code="d">CoU</mx:subfield><mx:subfield code="d">DLC</mx:subfield></mx:datafield><mx:datafield ind1="0" ind2=" " tag="100"><mx:subfield code="a">Lycophron</mx:subfield></mx:datafield><mx:datafield ind1="0" ind2=" " tag="400"><mx:subfield code="a">Lykophron</mx:subfield></mx:datafield><mx:datafield ind1="0" ind2=" " tag="400"><mx:subfield code="a">Licofrone</mx:subfield></mx:datafield><mx:datafield ind1=" " ind2=" " tag="670"><mx:subfield code="a">His Lykophronos tou Chalkideōs Alexandra = Lycophronis Chalcidensis Alexandra, 1697.</mx:subfield></mx:datafield><mx:datafield ind1=" " ind2=" " tag="670"><mx:subfield code="a">Oxford classical dict. 2d ed.</mx:subfield><mx:subfield code="b">(Lycophron, b. ca. 320 B.C., of Chalcis in Euboea; killed by an arrow)</mx:subfield></mx:datafield><mx:datafield ind1=" " ind2=" " tag="670"><mx:subfield code="a">LC data base, 11/2/85</mx:subfield><mx:subfield code="b">(hdg.: Lycophron)</mx:subfield></mx:datafield><mx:datafield ind1=" " ind2=" " tag="670"><mx:subfield code="a">His Alessandra, 1991:</mx:subfield><mx:subfield code="b">t.p. (Licofrone)</mx:subfield></mx:datafield><mx:datafield ind1=" " ind2=" " tag="999"><mx:subfield code="a">11060.1071</mx:subfield></mx:datafield></mx:record>